[gd_scene load_steps=15 format=2]

[ext_resource path="res://player/player.gd" type="Script" id=1]
[ext_resource path="res://player/assets/gas_puff.png" type="Texture" id=2]
[ext_resource path="res://player/assets/body_sheet.png" type="Texture" id=3]
[ext_resource path="res://player/assets/eyes_sheet.png" type="Texture" id=4]
[ext_resource path="res://player/assets/collision_liquid.wav" type="AudioStream" id=5]
[ext_resource path="res://player/hud.tscn" type="PackedScene" id=6]

[sub_resource type="ParticlesMaterial" id=1]

render_priority = 0
trail_divisor = 1
emission_shape = 1
emission_sphere_radius = 32.0
flag_align_y = false
flag_rotate_y = false
flag_disable_z = true
spread = 180.0
flatness = 0.0
gravity = Vector3( 0, 0, 0 )
initial_velocity = 1.0
initial_velocity_random = 0.0
angular_velocity = 12.0
angular_velocity_random = 1.0
orbit_velocity = 0.0
orbit_velocity_random = 0.0
linear_accel = 5.0
linear_accel_random = 0.0
radial_accel = 0.0
radial_accel_random = 0.0
tangential_accel = 0.0
tangential_accel_random = 0.0
damping = 0.0
damping_random = 0.0
angle = 0.0
angle_random = 0.0
scale = 1.0
scale_random = 0.0
color = Color( 1, 1, 1, 1 )
hue_variation = 0.0
hue_variation_random = 0.0
anim_speed = 0.0
anim_speed_random = 0.0
anim_offset = 0.0
anim_offset_random = 0.0
anim_loop = false
_sections_unfolded = [ "Angular Velocity", "Animation", "Emission Shape", "Gravity", "Linear Accel", "Orbit Velocity", "Spread" ]

[sub_resource type="CircleShape2D" id=2]

custom_solver_bias = 0.0
radius = 28.0

[sub_resource type="Animation" id=3]

resource_name = "Die (gas)"
length = 1.0
loop = false
step = 0.1
tracks/0/type = "value"
tracks/0/path = NodePath(".:modulate")
tracks/0/interp = 1
tracks/0/loop_wrap = true
tracks/0/imported = false
tracks/0/enabled = true
tracks/0/keys = {
"times": PoolRealArray( 0, 1 ),
"transitions": PoolRealArray( 1, 1 ),
"update": 0,
"values": [ Color( 1, 1, 1, 1 ), Color( 1, 1, 1, 0 ) ]
}
tracks/1/type = "method"
tracks/1/path = NodePath("StateAudio")
tracks/1/interp = 1
tracks/1/loop_wrap = true
tracks/1/imported = false
tracks/1/enabled = true
tracks/1/keys = {
"times": PoolRealArray( 0 ),
"transitions": PoolRealArray( 1 ),
"values": [ {
"args": [  ],
"method": "play"
} ]
}

[sub_resource type="Animation" id=4]

length = 2.0
loop = true
step = 0.1
tracks/0/type = "value"
tracks/0/path = NodePath("Body/Eyes:rotation_degrees")
tracks/0/interp = 1
tracks/0/loop_wrap = true
tracks/0/imported = false
tracks/0/enabled = true
tracks/0/keys = {
"times": PoolRealArray( 0, 0.5, 1, 1.5, 2 ),
"transitions": PoolRealArray( 1, 1, 1, 1, 1 ),
"update": 0,
"values": [ 0.0, -15.0, 0.0, 15.0, 0.0 ]
}

[sub_resource type="Animation" id=5]

length = 2.0
loop = true
step = 0.1
tracks/0/type = "value"
tracks/0/path = NodePath("Body/Eyes:position:y")
tracks/0/interp = 1
tracks/0/loop_wrap = true
tracks/0/imported = false
tracks/0/enabled = true
tracks/0/keys = {
"times": PoolRealArray( 0, 1, 2 ),
"transitions": PoolRealArray( 1, 1, 1 ),
"update": 0,
"values": [ 0.0, 5.0, 0.0 ]
}
tracks/1/type = "value"
tracks/1/path = NodePath("Body/Eyes:frame")
tracks/1/interp = 1
tracks/1/loop_wrap = true
tracks/1/imported = false
tracks/1/enabled = true
tracks/1/keys = {
"times": PoolRealArray( 0, 1.9 ),
"transitions": PoolRealArray( 1, 1 ),
"update": 1,
"values": [ 0, 2 ]
}

[sub_resource type="Animation" id=6]

length = 2.0
loop = true
step = 0.1
tracks/0/type = "value"
tracks/0/path = NodePath("Body/Eyes:frame")
tracks/0/interp = 1
tracks/0/loop_wrap = true
tracks/0/imported = false
tracks/0/enabled = true
tracks/0/keys = {
"times": PoolRealArray( 0, 1.9 ),
"transitions": PoolRealArray( 1, 1 ),
"update": 1,
"values": [ 1, 2 ]
}

[sub_resource type="Animation" id=7]

length = 0.6
loop = false
step = 0.1
tracks/0/type = "value"
tracks/0/path = NodePath("Body:scale")
tracks/0/interp = 1
tracks/0/loop_wrap = true
tracks/0/imported = false
tracks/0/enabled = true
tracks/0/keys = {
"times": PoolRealArray( 0, 0.3, 0.6 ),
"transitions": PoolRealArray( 1, 1, 1 ),
"update": 0,
"values": [ Vector2( 1, 1 ), Vector2( 0.9, 1.1 ), Vector2( 1, 1 ) ]
}
tracks/1/type = "value"
tracks/1/path = NodePath("Body:position")
tracks/1/interp = 1
tracks/1/loop_wrap = true
tracks/1/imported = false
tracks/1/enabled = true
tracks/1/keys = {
"times": PoolRealArray( 0, 0.3, 0.6 ),
"transitions": PoolRealArray( 1, 1, 1 ),
"update": 0,
"values": [ Vector2( 0, 0 ), Vector2( 0, -3 ), Vector2( 0, 0 ) ]
}
tracks/2/type = "value"
tracks/2/path = NodePath("Body:frame")
tracks/2/interp = 1
tracks/2/loop_wrap = true
tracks/2/imported = false
tracks/2/enabled = true
tracks/2/keys = {
"times": PoolRealArray( 0 ),
"transitions": PoolRealArray( 1 ),
"update": 0,
"values": [ 0 ]
}
tracks/3/type = "value"
tracks/3/path = NodePath("Body/Eyes:position:y")
tracks/3/interp = 1
tracks/3/loop_wrap = true
tracks/3/imported = false
tracks/3/enabled = true
tracks/3/keys = {
"times": PoolRealArray( 0 ),
"transitions": PoolRealArray( 1 ),
"update": 0,
"values": [ 0.0 ]
}

[sub_resource type="Animation" id=8]

length = 1.2
loop = true
step = 0.1
tracks/0/type = "value"
tracks/0/path = NodePath("Body:scale")
tracks/0/interp = 1
tracks/0/loop_wrap = true
tracks/0/imported = false
tracks/0/enabled = true
tracks/0/keys = {
"times": PoolRealArray( 0, 0.3, 0.6, 0.9, 1.2 ),
"transitions": PoolRealArray( 1, 1, 1, 1, 1 ),
"update": 0,
"values": [ Vector2( 1, 1 ), Vector2( 1.1, 0.9 ), Vector2( 1, 1 ), Vector2( 1.1, 0.9 ), Vector2( 1, 1 ) ]
}
tracks/1/type = "value"
tracks/1/path = NodePath("Body:position")
tracks/1/interp = 1
tracks/1/loop_wrap = true
tracks/1/imported = false
tracks/1/enabled = true
tracks/1/keys = {
"times": PoolRealArray( 0, 0.3, 0.6, 0.9, 1.2 ),
"transitions": PoolRealArray( 1, 1, 1, 1, 1 ),
"update": 0,
"values": [ Vector2( 0, 0 ), Vector2( 0, 3 ), Vector2( 0, 0 ), Vector2( 0, 3 ), Vector2( 0, 0 ) ]
}
tracks/2/type = "value"
tracks/2/path = NodePath("Body/Eyes:position:y")
tracks/2/interp = 1
tracks/2/loop_wrap = true
tracks/2/imported = false
tracks/2/enabled = true
tracks/2/keys = {
"times": PoolRealArray( 0, 0.3, 0.6, 0.9, 1.2 ),
"transitions": PoolRealArray( 1, 1, 1, 1, 1 ),
"update": 0,
"values": [ 0.0, 5.0, 0.0, 5.0, 0.0 ]
}
tracks/3/type = "value"
tracks/3/path = NodePath("Body/Eyes:frame")
tracks/3/interp = 1
tracks/3/loop_wrap = true
tracks/3/imported = false
tracks/3/enabled = true
tracks/3/keys = {
"times": PoolRealArray( 0, 1.1 ),
"transitions": PoolRealArray( 1, 1 ),
"update": 1,
"values": [ 0, 2 ]
}

[node name="Player" type="KinematicBody2D"]

z_index = 15
input_pickable = false
collision_layer = 1
collision_mask = 1
collision/safe_margin = 0.08
script = ExtResource( 1 )
_sections_unfolded = [ "Pickable", "Z Index" ]
__meta__ = {
"_edit_group_": true
}
state = null

[node name="Particles" type="Particles2D" parent="." index="0"]

emitting = false
amount = 16
lifetime = 3.0
one_shot = false
preprocess = 0.0
speed_scale = 1.0
explosiveness = 0.0
randomness = 0.0
fixed_fps = 0
fract_delta = true
visibility_rect = Rect2( -100, -100, 200, 200 )
local_coords = true
draw_order = 0
process_material = SubResource( 1 )
texture = ExtResource( 2 )
normal_map = null
h_frames = 1
v_frames = 1
_sections_unfolded = [ "Process Material", "Textures", "Time" ]

[node name="Body" type="Sprite" parent="." index="1"]

texture = ExtResource( 3 )
vframes = 2
hframes = 2
_sections_unfolded = [ "Animation" ]

[node name="Eyes" type="Sprite" parent="Body" index="0"]

texture = ExtResource( 4 )
offset = Vector2( 0, 6 )
vframes = 2
hframes = 2
_sections_unfolded = [ "Animation", "Offset" ]

[node name="Collision" type="CollisionShape2D" parent="." index="2"]

shape = SubResource( 2 )

[node name="Area" type="Area2D" parent="." index="3"]

input_pickable = false
gravity_vec = Vector2( 0, 1 )
gravity = 98.0
linear_damp = 0.1
angular_damp = 1.0
monitorable = false
audio_bus_override = false
audio_bus_name = "Master"
_sections_unfolded = [ "Pickable" ]

[node name="Collision" type="CollisionShape2D" parent="Area" index="0"]

shape = SubResource( 2 )

[node name="Camera" type="Camera2D" parent="." index="4"]

anchor_mode = 1
rotating = false
current = true
zoom = Vector2( 1, 1 )
limit_left = -10000000
limit_top = -10000000
limit_right = 10000000
limit_bottom = 10000000
limit_smoothed = true
drag_margin_h_enabled = true
drag_margin_v_enabled = true
smoothing_enabled = true
smoothing_speed = 7.0
offset_v = 0.0
offset_h = 0.0
drag_margin_left = 0.0
drag_margin_top = 0.51
drag_margin_right = 0.0
drag_margin_bottom = 0.0
editor_draw_screen = true
editor_draw_limits = true
editor_draw_drag_margin = true
_sections_unfolded = [ "Drag Margin", "Editor", "Limit", "Smoothing" ]

[node name="CollisionAudio" type="AudioStreamPlayer2D" parent="." index="5"]

stream = ExtResource( 5 )
volume_db = 0.0
pitch_scale = 1.0
autoplay = false
max_distance = 2000.0
attenuation = 1.0
bus = "FX"
area_mask = 1

[node name="StateAudio" type="AudioStreamPlayer2D" parent="." index="6"]

stream = ExtResource( 5 )
volume_db = 0.0
pitch_scale = 1.0
autoplay = false
max_distance = 2000.0
attenuation = 1.0
bus = "FX"
area_mask = 1

[node name="Animation" type="AnimationPlayer" parent="." index="7"]

root_node = NodePath("..")
autoplay = "Idle (liquid)"
playback_process_mode = 1
playback_default_blend_time = 0.0
playback_speed = 1.0
"anims/Die (gas)" = SubResource( 3 )
"anims/Idle (gas)" = SubResource( 4 )
"anims/Idle (liquid)" = SubResource( 5 )
"anims/Idle (solid)" = SubResource( 6 )
"anims/Jump (liquid)" = SubResource( 7 )
"anims/Move (liquid)" = SubResource( 8 )
blend_times = [  ]

[node name="Tween" type="Tween" parent="." index="8"]

repeat = false
playback_process_mode = 1
playback_speed = 1.0
playback/active = false
playback/repeat = false
playback/speed = 1.0

[node name="Canvas" type="CanvasLayer" parent="." index="9"]

layer = 1
offset = Vector2( 0, 0 )
rotation = 0.0
scale = Vector2( 1, 1 )
transform = Transform2D( 1, 0, 0, 1, 0, 0 )

[node name="HUD" parent="Canvas" index="0" instance=ExtResource( 6 )]

[connection signal="area_entered" from="Area" to="." method="_on_area_entered"]

[connection signal="area_exited" from="Area" to="." method="_on_area_exited"]


